@inproceedings{1992A,
  title={A rule-based tool for reverse engineering from source code to graphical models},
  author={ Huang, H.  and  Sugihara, K.  and  Miyamoto, I. },
  booktitle={Software Engineering and Knowledge Engineering, 1992. Proceedings., Fourth International Conference on},
  year={1992},
}