@article{2001Lightweight,
  title={Lightweight extraction of object models from bytecode},
  author={ Jackson, D.  and  Waingold, A. },
  journal={IEEE Transactions on Software Engineering},
  volume={27},
  number={2},
  pages={p.156-169},
  year={2001},
}