@article{2006Toward,
  title={Toward the Reverse Engineering of UML Sequence Diagrams for Distributed Java Software},
  author={ Briand, Lionel C.  and  Labiche, Yvan  and  Leduc, Johanne },
  journal={IEEE Transactions on Software Engineering},
  volume={32},
  number={9},
  pages={642-663},
  year={2006},
}
@inproceedings{2002On,
  title={On the use of metaballs to visually map source code structures and analysis results onto 3D space},
  author={ Rilling, J.  and  Mudur, S. P. },
  booktitle={Conference on Reverse Engineering},
  year={2002},
}