@inproceedings{2006Reverse,
  title={Reverse Engineering of Design Patterns from Java Source Code},
  author={ Shi, N.  and  Olsson, R. A. },
  booktitle={21st IEEE/ACM International Conference on Automated Software Engineering (ASE 2006), 18-22 September 2006, Tokyo, Japan},
  year={2006},
}
@inproceedings{2014Extracting,
  title={Extracting business rules from COBOL: A model-based framework},
  author={ Cosentino, V.  and  Cabot, J.  and  Albert, P.  and  Bauquel, P.  and  Perronnet, J. },
  booktitle={Reverse Engineering (WCRE), 2013 20th Working Conference on},
  year={2014},
}