@article{huch1999verification,
  title={Verification of Erlang programs using abstract interpretation and model checking},
  author={Huch, Frank},
  journal={ACM Sigplan Notices},
  volume={34},
  number={9},
  pages={261--272},
  year={1999},
  publisher={ACM New York, NY, USA}
}

@article{demartini1999deadlock,
  title={A deadlock detection tool for concurrent Java programs},
  author={DeMartini, Claudio and Iosif, Radu and Sisto, Riccardo},
  journal={Software: Practice and Experience},
  volume={29},
  number={7},
  pages={577--603},
  year={1999},
  publisher={Wiley Online Library}
}

@article{havelund2000model,
  title={Model checking java programs using java pathfinder},
  author={Havelund, Klaus and Pressburger, Thomas},
  journal={International Journal on Software Tools for Technology Transfer},
  volume={2},
  number={4},
  pages={366--381},
  year={2000},
  publisher={Springer}
}

@inproceedings{corbett2000bandera,
  title={Bandera: Extracting finite-state models from Java source code},
  author={Corbett, James C and Dwyer, Matthew B and Hatcliff, John and Laubach, Shawn and Pasareanu, Corina S and Zheng, Hongjun and others},
  booktitle={Proceedings of the 2000 International Conference on Software Engineering. ICSE 2000 the New Millennium},
  pages={439--448},
  year={2000},
  organization={IEEE}
}